<?xml version="1.0" encoding="UTF-8"?><collection xmlns="http://www.loc.gov/MARC21/slim"><record><leader>00522nam--2200181-u-4500</leader><controlfield tag="001">000055287</controlfield><controlfield tag="002">20161230</controlfield><controlfield tag="005">20161230201052</controlfield><controlfield tag="008">121206s1000------------r-----000-0-fre-d</controlfield><datafield ind1=" " ind2=" " tag="040"><subfield code="a">IFIN-HH</subfield></datafield><datafield ind1=" " ind2=" " tag="041"><subfield code="a">fre</subfield></datafield><datafield ind1=" " ind2=" " tag="080"><subfield code="a">539.213.1(043)</subfield></datafield><datafield ind1="1" ind2=" " tag="100"><subfield code="a">Harran, Daniel</subfield></datafield><datafield ind1="1" ind2="0" tag="245"><subfield code="a">Contribution a l'etude thermodynamique des solutions aqueuses qui vitrifient a basse temperature</subfield><subfield code="b">These</subfield><subfield code="c">Daniel harran</subfield></datafield><datafield ind1=" " ind2=" " tag="260"><subfield code="a">Bordeaux</subfield><subfield code="b">Universite</subfield><subfield code="c">1976</subfield></datafield><datafield ind1=" " ind2=" " tag="300"><subfield code="a">146P</subfield></datafield><datafield ind1=" " ind2=" " tag="852"><subfield code="a">77923</subfield><subfield code="c">539.21</subfield></datafield><datafield ind1=" " ind2=" " tag="CAT"><subfield code="a">Sys</subfield><subfield code="c">20121206</subfield><subfield code="h">171604</subfield></datafield></record></collection>